<record xmlns="http://www.loc.gov/MARC21/slim" xmlns:xsi="http://www.w3.org/2001/XMLSchema-instance" xsi:schemaLocation="http://www.loc.gov/MARC21/slim http://www.loc.gov/standards/marcxml/schema/MARC21slim.xsd">

  <leader>00549nam a2200193Ia 4500</leader>
  <controlfield tag="008">161020b1989    m  ||||| |||| 00| | spa d</controlfield>
  <datafield ind2=" " ind1=" " tag="020">
    <subfield code="a">9688520764</subfield>
  </datafield>
  <datafield ind2=" " ind1=" " tag="090">
    <subfield code="a">160 </subfield>
    <subfield code="b">P579h</subfield>
  </datafield>
  <datafield ind2=" " tag="100" ind1="1">
    <subfield code="9">639</subfield>
    <subfield code="a">Piaget, Jean</subfield>
  </datafield>
  <datafield ind2="0" ind1="1" tag="245">
    <subfield code="a">Hacia una lógica de significaciones / </subfield>
    <subfield code="c">Jean Piaget, Rolando García</subfield>
  </datafield>
  <datafield ind2=" " tag="260" ind1=" ">
    <subfield code="a">México D. F. : </subfield>
    <subfield code="b">Gedisa, </subfield>
    <subfield code="c">1989</subfield>
  </datafield>
  <datafield ind2=" " tag="300" ind1=" ">
    <subfield code="a">156 páginas</subfield>
  </datafield>
  <datafield ind2="4" tag="650" ind1="1">
    <subfield code="a">LÓGICA </subfield>
    <subfield code="9">640</subfield>
  </datafield>
  <datafield ind2="4" tag="650" ind1="1">
    <subfield code="a">PSICOLOGÍA</subfield>
    <subfield code="9">657</subfield>
  </datafield>
  <datafield ind2="4" tag="650" ind1="1">
    <subfield code="a">EPISTEMOLOGÍA</subfield>
    <subfield code="9">562</subfield>
  </datafield>
  <datafield tag="650" ind1="1" ind2="0">
    <subfield code="a">GENÉTICA</subfield>
    <subfield code="9">1974</subfield>
  </datafield>
  <datafield ind2=" " tag="700" ind1="1">
    <subfield code="a">García, Rolando</subfield>
    <subfield code="9">1976</subfield>
  </datafield>
  <datafield ind1=" " tag="942" ind2=" ">
    <subfield code="2">z</subfield>
    <subfield code="c">01</subfield>
  </datafield>
  <datafield ind2=" " ind1=" " tag="999">
    <subfield code="c">425</subfield>
    <subfield code="d">425</subfield>
  </datafield>
</record>